@article{Abraham2010,
 author = {Abraham, Ute and Granada, Adri\'{a}n E and Westermark, P\aa l O and Heine, Markus and Kramer, Achim and Herzel, Hanspeter},
 journal = {Mol. Syst. Biol.},
 month = {nov},
 number = {438},
 pages = {438},
 title = {Coupling governs entrainment range of circadian clocks.},
 volume = {6},
 year = {2010},
}

@article{Achermann1999,
 author = {Achermann, P. and Kunz, H.},
 journal = {J. Biol. Rhythms},
 month = {dec},
 number = {6},
 pages = {460--468},
 title = {Modeling Circadian Rhythm Generation in the Suprachiasmatic Nucleus with Locally Coupled Self-Sustained Oscillators: Phase Shifts and Phase Response Curves},
 volume = {14},
 year = {1999},
}

@article{An2013,
 author = {An, Sungwon and Harang, Rich and Meeker, Kirsten and Granados-Fuentes, Daniel and Tsai, Connie A and Mazuski, Cristina and Kim, Jihee and {Doyle~III}, Francis J and Petzold, Linda R and Herzog, Erik D},
 journal = {Proc. Natl. Acad. Sci. U. S. A.},
 month = {nov},
 number = {46},
 pages = {E4355--E4361},
 title = {A neuropeptide speeds circadian entrainment by reducing intercellular synchrony.},
 volume = {110},
 year = {2013},
}

@phdthesis{Andersson2013b,
 author = {Andersson, Joel},
 month = {oct},
 title = {A General-Purpose Software Framework for Dynamic Optimization},
 year = {2013},
}

@article{Baggs2009,
 author = {Baggs, Julie E and Price, Tom S and DiTacchio, Luciano and Panda, Satchidananda and Fitzgerald, Garret A and Hogenesch, John B},
 journal = {PLoS Biol.},
 month = {mar},
 number = {3},
 pages = {e52},
 title = {Network features of the mammalian circadian clock},
 volume = {7},
 year = {2009},
}

@article{Becker-Weimann2004,
 author = {Becker-Weimann, Sabine and Wolf, Jana and Herzel, Hanspeter and Kramer, Achim},
 journal = {Biophys. J.},
 month = {nov},
 number = {5},
 pages = {3023--3034},
 publisher = {Elsevier},
 title = {Modeling feedback loops of the Mammalian circadian oscillator},
 volume = {87},
 year = {2004},
}

@article{Castejon2013,
 author = {Castej\'{o}n, Oriol and Guillamon, Antoni and Huguet, Gemma},
 journal = {J. Math. Neurosci.},
 month = {jan},
 number = {1},
 pages = {13},
 title = {Phase-amplitude response functions for transient-state stimuli.},
 volume = {3},
 year = {2013},
}

@article{Chang2013,
 author = {Chang, Hung-Chun and Guarente, Leonard},
 journal = {Cell},
 month = {jun},
 number = {7},
 pages = {1448--1460},
 publisher = {Elsevier Inc.},
 title = {SIRT1 Mediates Central Circadian Control in the SCN by a Mechanism that Decays with Aging},
 volume = {153},
 year = {2013},
}

@article{Chen2013,
 author = {Chen, Zheng and Yoo, Seung-Hee and Takahashi, Joseph S},
 journal = {Cell. Mol. Life Sci.},
 month = {aug},
 number = {16},
 pages = {2985--2998},
 title = {Small molecule modifiers of circadian clocks.},
 volume = {70},
 year = {2013},
}

@book{Chirikjian2009,
 author = {Chirikjian, Gregory S.},
 publisher = {Birkh\"{a}user Boston},
 title = {Stochastic Models, Information Theory, and Lie Groups, Volume 1},
 volume = {1},
 year = {2009},
}

@article{Daan1976,
 author = {Daan, Serge and Pittendrigh, Colin S.},
 journal = {J. Comp. Physiol. A},
 month = {oct},
 number = {3},
 pages = {253--266},
 title = {A Functional analysis of circadian pacemakers in nocturnal rodents},
 volume = {106},
 year = {1976},
}

@article{Field1974,
 author = {Field, Richard J. and Noyes, Richard M.},
 journal = {J. Chem. Phys.},
 number = {5},
 pages = {1877},
 title = {Oscillations in chemical systems. IV. Limit cycle behavior in a model of a real chemical reaction},
 volume = {60},
 year = {1974},
}

@article{Gillespie1977,
 author = {Gillespie, Daniel T},
 journal = {J. Phys. Chem.},
 number = {25},
 pages = {2340--2361},
 title = {Exact Stochastic Simulation of Coupled Chemical Reactions},
 volume = {84},
 year = {1977},
}

@article{Gunawan2006,
 author = {Gunawan, Rudiyanto and {Doyle~III}, Francis J},
 journal = {Biophys. J.},
 month = {sep},
 number = {6},
 pages = {2131--2141},
 title = {Isochron-based phase response analysis of circadian rhythms.},
 volume = {91},
 year = {2006},
}

@article{Hatori2012,
 author = {Hatori, Megumi and Vollmers, Christopher and Zarrinpar, Amir and DiTacchio, Luciano and Bushong, Eric A and Gill, Shubhroz and Leblanc, Mathias and Chaix, Amandine and Joens, Matthew and Fitzpatrick, James A J and Ellisman, Mark H and Panda, Satchidananda},
 journal = {Cell Metab.},
 month = {jun},
 number = {6},
 pages = {848--860},
 publisher = {Elsevier Inc.},
 title = {Time-restricted feeding without reducing caloric intake prevents metabolic diseases in mice fed a high-fat diet.},
 volume = {15},
 year = {2012},
}

@article{Hirota2010,
 author = {Hirota, Tsuyoshi and Lee, Jae Wook and Lewis, Warren G. and Zhang, Eric E. and Breton, Ghislain and Liu, Xianzhong and Garcia, Michael and Peters, Eric C. and Etchegaray, Jean-Pierre and Traver, David and Schultz, Peter G. and Kay, Steve A.},
 journal = {PLoS Biol.},
 month = {dec},
 number = {12},
 pages = {e1000559},
 title = {High-Throughput Chemical Screen Identifies a Novel Potent Modulator of Cellular Circadian Rhythms and Reveals CKI$\alpha$ as a Clock Regulatory Kinase},
 volume = {8},
 year = {2010},
}

@article{Hirota2012,
 author = {Hirota, Tsuyoshi and Lee, Jae Wook and {St. John}, Peter C and Sawa, Mariko and Iwaisako, Keiko and Noguchi, Takako and Pongsawakul, Pagkapol Y and Sonntag, Tim and Welsh, David K and Brenner, David A and {Doyle~III}, Francis J and Schultz, Peter G and Kay, Steve A},
 journal = {Science},
 month = {jul},
 number = {6098},
 pages = {1094--1097},
 title = {Identification of Small Molecule Activators of Cryptochrome.},
 volume = {337},
 year = {2012},
}

@article{Jewett1998,
 author = {Jewett, M E and Kronauer, R E},
 journal = {J. Theor. Biol.},
 month = {jun},
 number = {4},
 pages = {455--465},
 title = {Refinement of a limit cycle oscillator model of the effects of light on the human circadian pacemaker.},
 volume = {192},
 year = {1998},
}

@article{Kim2014,
 author = {Kim, Jae Kyoung and Kilpatrick, Zachary P. and Bennett, Matthew R. and Josi\'{c}, Kre\v{s}imir},
 journal = {Biophys. J.},
 month = {may},
 number = {9},
 pages = {2071--2081},
 title = {Molecular Mechanisms that Regulate the Coupled Period of the Mammalian Circadian Clock},
 volume = {106},
 year = {2014},
}

@article{Kornmann2007,
 author = {Kornmann, Beno\^{\i}t and Schaad, Olivier and Bujard, Hermann and Takahashi, Joseph S and Schibler, Ueli},
 journal = {PLoS Biol.},
 month = {feb},
 number = {2},
 pages = {e34},
 title = {System-driven and oscillator-dependent circadian transcription in mice with a conditionally active liver clock.},
 volume = {5},
 year = {2007},
}

@article{Kramer1984,
 author = {Kramer, Mark A. and Rabitz, Herschel and Calo, Joseph M.},
 journal = {Appl. Math. Model.},
 month = {oct},
 number = {5},
 pages = {328--340},
 publisher = {Elsevier},
 title = {Sensitivity analysis of oscillatory systems},
 volume = {8},
 year = {1984},
}

@book{Kuramoto1984,
 author = {Kuramoto, Y.},
 publisher = {Springer-Verlag Berlin Heidelberg},
 title = {Chemical Oscillations, Waves, and Turbulence},
 year = {1984},
}

@article{Lamia2008,
 author = {Lamia, Katja A and Storch, Kai-Florian and Weitz, Charles J},
 journal = {Proc. Natl. Acad. Sci. U. S. A.},
 month = {sep},
 number = {39},
 pages = {15172--15177},
 title = {Physiological significance of a peripheral tissue circadian clock.},
 volume = {105},
 year = {2008},
}

@article{Leise2011,
 author = {Leise, Tanya L and Harrington, Mary E},
 journal = {J. Biol. Rhythms},
 month = {oct},
 number = {5},
 pages = {454--463},
 title = {Wavelet-based time series analysis of circadian rhythms.},
 volume = {26},
 year = {2011},
}

@article{Leloup2003,
 author = {Leloup, Jean-Christophe and Goldbeter, Albert},
 journal = {Proc. Natl. Acad. Sci. U. S. A.},
 month = {jun},
 number = {12},
 pages = {7051--7056},
 title = {Toward a detailed computational model for the mammalian circadian clock.},
 volume = {100},
 year = {2003},
}

@article{Marcheva2010,
 author = {Marcheva, Biliana and Ramsey, Kathryn Moynihan and Buhr, Ethan D and Kobayashi, Yumiko and Su, Hong and Ko, Caroline H and Ivanova, Ganka and Omura, Chiaki and Mo, Shelley and Vitaterna, Martha H and Lopez, James P and Philipson, Louis H and Bradfield, Christopher A and Crosby, Seth D and JeBailey, Lellean and Wang, Xiaozhong and Takahashi, Joseph S and Bass, Joseph},
 journal = {Nature},
 month = {jul},
 number = {7306},
 pages = {627--631},
 publisher = {Nature Publishing Group},
 title = {Disruption of the clock components CLOCK and BMAL1 leads to hypoinsulinaemia and diabetes.},
 volume = {466},
 year = {2010},
}

@book{Mardia2009,
 author = {Mardia, Kanti V. and Jupp, Peter E.},
 pages = {460},
 publisher = {John Wiley \& Sons},
 title = {Directional Statistics},
 year = {2009},
}

@article{Novak2008,
 author = {Nov\'{a}k, B\'{e}la and Tyson, John J},
 journal = {Nat. Rev. Mol. Cell Biol.},
 month = {dec},
 number = {12},
 pages = {981--991},
 title = {Design principles of biochemical oscillators},
 volume = {9},
 year = {2008},
}

@article{Pfeuty2011,
 author = {Pfeuty, Benjamin and Thommen, Quentin and Lefranc, Marc},
 journal = {Biophys. J.},
 month = {jun},
 number = {11},
 pages = {2557--2565},
 title = {Robust entrainment of circadian oscillators requires specific phase response curves.},
 volume = {100},
 year = {2011},
}

@article{Pittendrigh1991,
 author = {Pittendrigh, C. S. and Kyner, W. T. and Takamura, T.},
 journal = {J. Biol. Rhythms},
 month = {dec},
 number = {4},
 pages = {299--313},
 title = {The Amplitude of Circadian Oscillations: Temperature Dependence, Latitudinal Clines, and the Photoperiodic Time Measurement},
 volume = {6},
 year = {1991},
}

@article{Pulivarthy2007,
 author = {Pulivarthy, Sandhya R and Tanaka, Nobushige and Welsh, David K and {De Haro}, Luciano and Verma, Inder M and Panda, Satchidananda},
 journal = {Proc. Natl. Acad. Sci. U. S. A.},
 month = {dec},
 number = {51},
 pages = {20356--20361},
 title = {Reciprocity between phase shifts and amplitude changes in the mammalian circadian clock.},
 volume = {104},
 year = {2007},
}

@article{Rabitz1983,
 author = {Rabitz, H and Kramer, MA and Dacol, D},
 journal = {Annu. Rev. Phys. Chem.},
 month = {oct},
 number = {1},
 pages = {419--461},
 title = {Sensitivity Analysis in Chemical Kinetics},
 volume = {34},
 year = {1983},
}

@article{Ramanathan2014,
 author = {Ramanathan, Chidambaram and Xu, Haiyan and Khan, Sanjoy K and Shen, Yang and Gitis, Paula J and Welsh, David K and Hogenesch, John B and Liu, Andrew C},
 journal = {PLoS Genet.},
 month = {apr},
 number = {4},
 pages = {e1004244},
 title = {Cell type-specific functions of period genes revealed by novel adipocyte and hepatocyte circadian clock models.},
 volume = {10},
 year = {2014},
}

@article{Rand2004,
 author = {Rand, D A and Shulgin, B V and Salazar, D and Millar, A J},
 journal = {J. R. Soc. Interface},
 month = {nov},
 number = {1},
 pages = {119--130},
 title = {Design principles underlying circadian clocks.},
 volume = {1},
 year = {2004},
}

@article{Rohling2011,
 author = {Rohling, Jos H T and VanderLeest, Henk Tjebbe and Michel, Stephan and Vansteensel, Mariska J and Meijer, Johanna H},
 journal = {PLoS One},
 month = {jan},
 number = {9},
 pages = {e25437},
 title = {Phase resetting of the mammalian circadian clock relies on a rapid shift of a small population of pacemaker neurons.},
 volume = {6},
 year = {2011},
}

@article{Rougemont2006,
 author = {Rougemont, Jacques and Naef, Felix},
 journal = {Phys. Rev. E},
 month = {jan},
 number = {1},
 pages = {011104},
 title = {Collective synchronization in populations of globally coupled phase oscillators with drifting frequencies},
 volume = {73},
 year = {2006},
}

@article{Rougemont2007,
 author = {Rougemont, Jacques and Naef, Felix},
 journal = {Mol. Syst. Biol.},
 month = {jan},
 number = {93},
 pages = {93},
 title = {Dynamical signatures of cellular fluctuations and oscillator stability in peripheral circadian clocks.},
 volume = {3},
 year = {2007},
}

@article{Sanft2011a,
 author = {Sanft, Kevin R and Wu, Sheng and Roh, Min and Fu, Jin and Lim, Rone Kwei and Petzold, Linda R},
 journal = {Bioinformatics},
 month = {sep},
 number = {17},
 pages = {2457--2458},
 title = {StochKit2: software for discrete stochastic simulation of biochemical systems with events.},
 volume = {27},
 year = {2011},
}

@article{St.John2014,
 author = {{St. John}, Peter C and Hirota, Tsuyoshi and Kay, Steve A. and {Doyle~III}, Francis J.},
 journal = {Proc. Natl. Acad. Sci. U. S. A.},
 month = {feb},
 number = {5},
 pages = {2040--2045},
 title = {Spatiotemporal separation of PER and CRY posttranslational regulation in the mammalian circadian clock.},
 volume = {111},
 year = {2014},
}

@article{Stein1965,
 author = {Stein, R B},
 journal = {Biophys. J.},
 month = {mar},
 number = {5},
 pages = {173--194},
 title = {A theoretical analysis of neuronal variability.},
 volume = {5},
 year = {1965},
}

@article{Taylor2008,
 author = {Taylor, Stephanie R and {Doyle~III}, Francis J and Petzold, Linda R},
 journal = {Biophys. J.},
 month = {aug},
 number = {4},
 pages = {1658--1673},
 publisher = {Elsevier},
 title = {Oscillator model reduction preserving the phase response: application to the circadian clock},
 volume = {95},
 year = {2008},
}

@article{Taylor2008a,
 author = {Taylor, Stephanie R and Gunawan, Rudiyanto and Petzold, Linda R and {Doyle~III}, Francis J},
 journal = {IEEE Trans. Automat. Contr.},
 month = {jan},
 number = {January},
 pages = {177--188},
 title = {Sensitivity Measures for Oscillating Systems: Application to Mammalian Circadian Gene Network},
 volume = {53},
 year = {2008},
}

@article{Teramae2004,
 author = {Teramae, Jun-nosuke and Tanaka, Dan},
 journal = {Phys. Rev. Lett.},
 month = {nov},
 number = {20},
 pages = {204103},
 title = {Robustness of the noise-induced phase synchronization in a general class of limit cycle oscillators.},
 volume = {93},
 year = {2004},
}

@article{Tischkau2003,
 author = {Tischkau, Shelley A and Mitchell, Jennifer W and Tyan, Sheue-Houy and Buchanan, Gordon F and Gillette, Martha U},
 journal = {J. Biol. Chem.},
 month = {jan},
 number = {2},
 pages = {718--723},
 title = {Ca2+/cAMP response element-binding protein (CREB)-dependent activation of Per1 is required for light-induced signaling in the suprachiasmatic nucleus circadian clock.},
 volume = {278},
 year = {2003},
}

@article{Ukai2007,
 author = {Ukai, Hideki and Kobayashi, Tetsuya J and Nagano, Mamoru and Masumoto, Koh-hei and Sujino, Mitsugu and Kondo, Takao and Yagita, Kazuhiro and Shigeyoshi, Yasufumi and Ueda, Hiroki R},
 journal = {Nat. Cell Biol.},
 month = {nov},
 number = {11},
 pages = {1327--1334},
 title = {Melanopsin-dependent photo-perturbation reveals desynchronization underlying the singularity of mammalian circadian clocks.},
 volume = {9},
 year = {2007},
}

@article{VanOosterhout2012,
 author = {van Oosterhout, Floor and Lucassen, Eliane A and Houben, Thijs and VanderLeest, Henk Tjebbe and Antle, Michael C and Meijer, Johanna H},
 journal = {PLoS One},
 month = {jan},
 number = {6},
 pages = {e39693},
 title = {Amplitude of the SCN clock enhanced by the behavioral activity rhythm.},
 volume = {7},
 year = {2012},
}

@article{VanderVeen2012,
 author = {van der Veen, Daan R and Shao, Jinping and Xi, Yang and Li, Lei and Duffield, Giles E},
 journal = {PLoS One},
 month = {jan},
 number = {10},
 pages = {e47692},
 title = {Cardiac atrial circadian rhythms in PERIOD2::LUCIFERASE and per1:luc mice: amplitude and phase responses to glucocorticoid signaling and medium treatment.},
 volume = {7},
 year = {2012},
}

@article{Welsh2004,
 author = {Welsh, David K and Yoo, Seung-Hee and Liu, Andrew C and Takahashi, Joseph S and Kay, Steve A},
 journal = {Curr. Biol.},
 month = {dec},
 number = {24},
 pages = {2289--2295},
 title = {Bioluminescence imaging of individual fibroblasts reveals persistent, independently phased circadian rhythms of clock gene expression.},
 volume = {14},
 year = {2004},
}

